%% This BibTeX bibliography file was created using BibDesk.
%% http://bibdesk.sourceforge.net/

%% Created for Raju Rimal at 2017-10-25 13:42:39 +0200 


%% Saved with string encoding Unicode (UTF-8) 

@IEEEtranBSTCTL{IEEEexample:BSTcontrol,
    CTLuse_article_number    = "yes",
    CTLuse_paper             = "yes",
    CTLuse_forced_etal       = "no",
    CTLmax_names_forced_etal = "10",
    CTLnames_show_etal       = "1",
    CTLuse_alt_spacing       = "yes",
    CTLalt_stretch_factor    = "4",
    CTLdash_repeated_names   = "no",
    CTLname_format_string    = "{f{.}.~}{vv~}{ll}{, jj}",
    CTLname_latex_cmd        = "",
    CTLname_url_prefix       = "[Online]. Available:"
}


@article{arteaga2010simulate,
	Author = {Arteaga, Francisco and Ferrer, Alberto},
	Date-Added = {2017-10-25 11:42:29 +0000},
	Date-Modified = {2017-10-25 11:42:29 +0000},
	Journal = {Chemometrics and Intelligent Laboratory Systems},
	Number = {1},
	Pages = {38--42},
	Publisher = {Elsevier},
	Title = {How to simulate normal data sets with the desired correlation structure},
	Volume = {101},
	Year = {2010}}

@article{camacho2017generation,
	Author = {Camacho, Jos{\'e}},
	Date-Added = {2017-10-25 11:42:07 +0000},
	Date-Modified = {2017-10-25 11:42:07 +0000},
	Journal = {Chemometrics and Intelligent Laboratory Systems},
	Pages = {40--51},
	Publisher = {Elsevier},
	Title = {On the generation of random multivariate data},
	Volume = {160},
	Year = {2017}}

@article{arteaga2013building,
	Author = {Arteaga, Francisco and Ferrer, Alberto},
	Date-Added = {2017-10-25 11:41:36 +0000},
	Date-Modified = {2017-10-25 11:41:36 +0000},
	Journal = {Chemometrics and Intelligent Laboratory Systems},
	Pages = {80--88},
	Publisher = {Elsevier},
	Title = {Building covariance matrices with the desired structure},
	Volume = {127},
	Year = {2013}}

@book{johnson2013multivariate,
	Author = {Johnson, Mark E},
	Date-Added = {2017-10-25 11:21:23 +0000},
	Date-Modified = {2017-10-25 11:21:23 +0000},
	Publisher = {John Wiley \&amp; Sons},
	Title = {Multivariate statistical simulation: A guide to selecting and generating continuous multivariate distributions},
	Year = {2013}}

@article{gangsei2016theoretical,
	Abstract = { ABSTRACTMethods for linear regression with multivariate response variables are well described in statistical literature. In this study we conduct a theoretical evaluation of the expected squared prediction error in bivariate linear regression where one of the response variables contains missing data. We make the assumption of known covariance structure for the error terms. On this basis, we evaluate three well-known estimators: standard ordinary least squares, generalized least squares, and a James--Stein inspired estimator. Theoretical risk functions are worked out for all three estimators to evaluate under which circumstances it is advantageous to take the error covariance structure into account. },
	Author = {Lars Erik Gangsei and Trygve Alm{\o}y and Solve S{\ae}b{\o}},
	Date-Added = {2017-07-25 07:30:38 +0000},
	Date-Modified = {2017-07-25 07:32:13 +0000},
	Doi = {10.1080/03610926.2016.1222434},
	Eprint = {http://dx.doi.org/10.1080/03610926.2016.1222434},
	Journal = {Communications in Statistics - Theory and Methods},
	Number = {0},
	Pages = {1-9},
	Title = {Theoretical evaluation of prediction error in linear regression with a bivariate response variable containing missing data},
	Url = {http://dx.doi.org/10.1080/03610926.2016.1222434},
	Volume = {0},
	Year = {2016},
	Bdsk-Url-1 = {http://dx.doi.org/10.1080/03610926.2016.1222434}}

@book{gamerman2006markov,
	Author = {Gamerman, Dani and Lopes, Hedibert F},
	Date-Added = {2017-06-22 12:21:17 +0000},
	Date-Modified = {2017-06-22 12:21:17 +0000},
	Publisher = {CRC Press},
	Title = {Markov chain Monte Carlo: stochastic simulation for Bayesian inference},
	Year = {2006}}

@article{aldrin2000multivariate,
	Author = {Aldrin, Magne},
	Date-Added = {2017-06-22 11:45:01 +0000},
	Date-Modified = {2017-06-22 11:45:01 +0000},
	Journal = {The American Statistician},
	Number = {1},
	Pages = {29--34},
	Publisher = {Taylor \& Francis},
	Title = {Multivariate prediction using softly shrunk reduced-rank regression},
	Volume = {54},
	Year = {2000}}

@article{saebo2008lpls,
	Author = {S{\ae}b{\o}, Solve and Alm{\o}y, Trygve and Flatberg, Arnar and Aastveit, Are H and Martens, Harald},
	Date-Added = {2017-06-22 11:44:41 +0000},
	Date-Modified = {2017-06-22 11:44:41 +0000},
	Journal = {Chemometrics and Intelligent Laboratory Systems},
	Number = {2},
	Pages = {121--132},
	Publisher = {Elsevier},
	Title = {LPLS-regression: a method for prediction and classification under the influence of background information on predictor variables},
	Volume = {91},
	Year = {2008}}

@article{gangsei2016linear,
	Author = {Gangsei, LE and Alm{\o}y, T and S{\ae}b{\o}, S},
	Date-Added = {2017-06-22 11:43:43 +0000},
	Date-Modified = {2017-06-22 11:43:43 +0000},
	Journal = {An empirical Bayes strategy to increase prediction precision. Submitted manuscript to Communications in Statistics--Simulation and Computation},
	Title = {Linear regression with bivariate response variable containing missing data},
	Year = {2016}}

@book{golub2012matrix,
	Author = {Golub, Gene H and Van Loan, Charles F},
	Date-Added = {2017-05-11 10:52:43 +0000},
	Date-Modified = {2017-05-11 10:52:43 +0000},
	Publisher = {JHU Press},
	Title = {Matrix computations},
	Volume = {3},
	Year = {2012}}

@article{cook2010envelope,
	Author = {Cook, R Dennis and Li, Bing and Chiaromonte, Francesca},
	Date-Added = {2017-05-10 08:26:09 +0000},
	Date-Modified = {2017-05-10 08:26:09 +0000},
	Journal = {Statistica Sinica},
	Pages = {927--960},
	Publisher = {JSTOR},
	Title = {Envelope models for parsimonious and efficient multivariate linear regression},
	Year = {2010}}

@article{cook2015envlp,
	Author = {Cook, Dennis and Su, Zhihua and Yang, Yi and others},
	Date-Added = {2017-05-10 08:26:09 +0000},
	Date-Modified = {2017-05-10 08:26:09 +0000},
	Journal = {Journal of Statistical Software},
	Number = {1},
	Pages = {1--20},
	Publisher = {Foundation for Open Access Statistics},
	Title = {envlp: A MATLAB Toolbox for Computing Envelope Estimators in Multivariate Analysis},
	Volume = {62},
	Year = {2015}}

@article{cook2016algorithms,
	Author = {Cook, R Dennis and Zhang, Xin},
	Date-Added = {2017-05-10 08:26:09 +0000},
	Date-Modified = {2017-05-10 08:26:09 +0000},
	Journal = {Journal of Computational and Graphical Statistics},
	Number = {1},
	Pages = {284--300},
	Publisher = {Taylor \&amp; Francis},
	Title = {Algorithms for envelope estimation},
	Volume = {25},
	Year = {2016}}

@article{cook2016note,
	Author = {Cook, R Dennis and Forzani, Liliana and Su, Zhihua},
	Date-Added = {2017-05-10 08:26:09 +0000},
	Date-Modified = {2017-05-10 08:26:09 +0000},
	Journal = {Journal of Multivariate Analysis},
	Pages = {42--54},
	Publisher = {Elsevier},
	Title = {A note on fast envelope estimation},
	Volume = {150},
	Year = {2016}}

@article{indahl2009canonical,
	Author = {Indahl, Ulf G and Liland, Kristian Hovde and N{\ae}s, Tormod},
	Date-Added = {2017-05-10 08:25:40 +0000},
	Date-Modified = {2017-05-10 11:19:40 +0000},
	Journal = {Journal of Chemometrics},
	Number = {9},
	Pages = {495--504},
	Publisher = {Wiley Online Library},
	Title = {Canonical partial least squares--a unified PLS approach to classification and regression problems},
	Volume = {23},
	Year = {2009}}

@article{cook2013scaled,
	Author = {Cook, R Dennis and Su, Zhihua and others},
	Date-Added = {2017-05-10 08:25:40 +0000},
	Date-Modified = {2017-05-10 08:25:40 +0000},
	Journal = {Biometrika},
	Number = {4},
	Pages = {939--954},
	Publisher = {Oxford University Press},
	Title = {Scaled envelopes: Scale invariant and efficient estimation in multivariate linear regression},
	Volume = {100},
	Year = {2013}}

@article{helland2012near,
	Author = {Helland, Inge S and Saeb{\o}, Solve and Tjelmeland, Ha and others},
	Date-Added = {2017-02-15 13:04:27 +0000},
	Date-Modified = {2017-02-15 13:04:27 +0000},
	Journal = {Scandinavian Journal of Statistics},
	Number = {4},
	Pages = {695--713},
	Publisher = {Wiley Online Library},
	Title = {Near optimal prediction from relevant components},
	Volume = {39},
	Year = {2012}}

@article{cook2015simultaneous,
	Author = {R. Dennis Cook and Xin Zhang},
	Doi = {10.1080/00401706.2013.872700},
	Eprint = {http://dx.doi.org/10.1080/00401706.2013.872700},
	Journal = {Technometrics},
	Number = {1},
	Pages = {11-25},
	Title = {Simultaneous Envelopes for Multivariate Linear Regression},
	Url = {http://dx.doi.org/10.1080/00401706.2013.872700},
	Volume = {57},
	Year = {2015},
	Bdsk-Url-1 = {http://dx.doi.org/10.1080/00401706.2013.872700}}

@book{ripley2009stochastic,
	Author = {Ripley, Brian D},
	Date-Added = {2017-02-15 12:58:47 +0000},
	Date-Modified = {2017-02-15 12:58:47 +0000},
	Publisher = {John Wiley \& Sons},
	Title = {Stochastic simulation},
	Volume = {316},
	Year = {2009}}

@article{cook2013envelopes,
	Author = {Cook, RD and Helland, IS and Su, Z},
	Date-Added = {2016-07-08 11:16:23 +0000},
	Date-Modified = {2016-07-08 11:16:23 +0000},
	Journal = {Journal of the Royal Statistical Society: Series B (Statistical Methodology)},
	Number = {5},
	Pages = {851--877},
	Publisher = {Wiley Online Library},
	Title = {Envelopes and partial least squares regression},
	Volume = {75},
	Year = {2013}}

@book{strang2011introduction,
	Author = {Strang, Gilbert},
	Date-Added = {2016-06-21 08:28:00 +0000},
	Date-Modified = {2016-06-21 08:28:00 +0000},
	Publisher = {Wellesley-Cambridge Press},
	Title = {Introduction to linear algebra},
	Year = {2011}}

@article{langsrud2005rotation,
	Author = {Langsrud, {\O}yvind},
	Date-Added = {2016-06-21 08:25:44 +0000},
	Date-Modified = {2016-06-21 08:25:44 +0000},
	Journal = {Statistics and computing},
	Number = {1},
	Pages = {53--60},
	Publisher = {Springer},
	Title = {Rotation tests},
	Volume = {15},
	Year = {2005}}

@article{heiberger1978algorithm,
	Author = {Heiberger, Richard M},
	Date-Added = {2016-06-21 08:24:09 +0000},
	Date-Modified = {2016-06-21 08:24:09 +0000},
	Journal = {Journal of the Royal Statistical Society. Series C (Applied Statistics)},
	Number = {2},
	Pages = {199--206},
	Publisher = {JSTOR},
	Title = {Algorithm AS 127: Generation of random orthogonal matrices},
	Volume = {27},
	Year = {1978}}

@article{anderson1987generation,
	Author = {Anderson, Theodore W and Olkin, Ingram and Underhill, Les G},
	Date-Added = {2016-06-21 08:23:30 +0000},
	Date-Modified = {2016-06-21 08:23:30 +0000},
	Journal = {SIAM Journal on Scientific and Statistical Computing},
	Number = {4},
	Pages = {625--629},
	Publisher = {SIAM},
	Title = {Generation of random orthogonal matrices},
	Volume = {8},
	Year = {1987}}

@article{helland1994comparison,
	Author = {Helland, Inge S and Alm{\o}y, Trygve},
	Date-Added = {2016-03-28 12:19:27 +0000},
	Date-Modified = {2016-05-06 13:41:11 +0000},
	Journal = {Journal of the American Statistical Association},
	Keywords = {Expected Prediction error, Partial Least Squares Regression, Prediction Ability, Principal Component Regression, relevant Components},
	Number = {426},
	Pages = {583--591},
	Publisher = {Taylor \&amp; Francis Group},
	Title = {Comparison of prediction methods when only a few components are relevant},
	Volume = {89},
	Year = {1994},
	Bdsk-File-1 = {YnBsaXN0MDDUAQIDBAUGJCVYJHZlcnNpb25YJG9iamVjdHNZJGFyY2hpdmVyVCR0b3ASAAGGoKgHCBMUFRYaIVUkbnVsbNMJCgsMDxJXTlMua2V5c1pOUy5vYmplY3RzViRjbGFzc6INDoACgAOiEBGABIAFgAdccmVsYXRpdmVQYXRoWWFsaWFzRGF0YV8QeS4uLy4uLy4uL05NQlUvTWFzdGVycy9UaGVzaXMvUmVzZWFyY2ggUGFwZXJzL0NvbXBhcmlzb24gb2YgUHJlZGljdGlvbiBNZXRob2RzIFdoZW4gT25seSBhIEZldyBDb21wb25lbnRzIEFyZSBSZWxldmFudC5wZGbSFwsYGVdOUy5kYXRhTxECwAAAAAACwAACAAAMTWFjaW50b3NoIEhEAAAAAAAAAAAAAAAAAAAA0U9yT0grAAAAEthWH0NvbXBhcmlzb24gb2YgUHJlZGljIzEzQjNEOS5wZGYAAAAAAAAAAAAAAAAAAAAAAAAAAAAAAAAAAAAAAAAAAAATs9nQXDvJAAAAAAAAAAAAAwAFAAAJIAAAAAAAAAAAAAAAAAAAAA9SZXNlYXJjaCBQYXBlcnMAABAACAAA0U9WLwAAABEACAAA0FwfqQAAAAEAHAAS2FYAEteHACTdRQAS13QAEtY9AApgagACmDUAAgB4TWFjaW50b3NoIEhEOlVzZXJzOgByYWp1cmltOgBEcm9wYm94IChQZXJzb25hbCk6AE5NQlU6AE1hc3RlcnM6AFRoZXNpczoAUmVzZWFyY2ggUGFwZXJzOgBDb21wYXJpc29uIG9mIFByZWRpYyMxM0IzRDkucGRmAA4AmgBMAEMAbwBtAHAAYQByAGkAcwBvAG4AIABvAGYAIABQAHIAZQBkAGkAYwB0AGkAbwBuACAATQBlAHQAaABvAGQAcwAgAFcAaABlAG4AIABPAG4AbAB5ACAAYQAgAEYAZQB3ACAAQwBvAG0AcABvAG4AZQBuAHQAcwAgAEEAcgBlACAAUgBlAGwAZQB2AGEAbgB0AC4AcABkAGYADwAaAAwATQBhAGMAaQBuAHQAbwBzAGgAIABIAEQAEgCRVXNlcnMvcmFqdXJpbS9Ecm9wYm94IChQZXJzb25hbCkvTk1CVS9NYXN0ZXJzL1RoZXNpcy9SZXNlYXJjaCBQYXBlcnMvQ29tcGFyaXNvbiBvZiBQcmVkaWN0aW9uIE1ldGhvZHMgV2hlbiBPbmx5IGEgRmV3IENvbXBvbmVudHMgQXJlIFJlbGV2YW50LnBkZgAAEwABLwAAFQACAA7//wAAgAbSGxwdHlokY2xhc3NuYW1lWCRjbGFzc2VzXU5TTXV0YWJsZURhdGGjHR8gVk5TRGF0YVhOU09iamVjdNIbHCIjXE5TRGljdGlvbmFyeaIiIF8QD05TS2V5ZWRBcmNoaXZlctEmJ1Ryb290gAEACAARABoAIwAtADIANwBAAEYATQBVAGAAZwBqAGwAbgBxAHMAdQB3AIQAjgEKAQ8BFwPbA90D4gPtA/YEBAQIBA8EGAQdBCoELQQ/BEIERwAAAAAAAAIBAAAAAAAAACgAAAAAAAAAAAAAAAAAAARJ}}

@article{saebo2015simrel,
	Author = {S{\ae}b{\o}, Solve and Alm{\o}y, Trygve and Helland, Inge S},
	Date-Added = {2016-01-04 13:12:32 +0000},
	Date-Modified = {2017-05-10 11:16:08 +0000},
	Journal = {Chemometrics and Intelligent Laboratory Systems},
	Keywords = {Data Simulation, Linear Model, R-Package, Experimental Design},
	Publisher = {Elsevier},
	Title = {simrel -- A versatile tool for linear model data simulation based on the concept of a relevant subspace and relevant predictors},
	Year = {2015},
	Bdsk-File-1 = {YnBsaXN0MDDUAQIDBAUGJCVYJHZlcnNpb25YJG9iamVjdHNZJGFyY2hpdmVyVCR0b3ASAAGGoKgHCBMUFRYaIVUkbnVsbNMJCgsMDxJXTlMua2V5c1pOUy5vYmplY3RzViRjbGFzc6INDoACgAOiEBGABIAFgAdccmVsYXRpdmVQYXRoWWFsaWFzRGF0YV8QLC4uLy4uLy4uL05NQlUvUGhEL1Jlc2VhcmNoIFBhcGVycy9TaW1yZWwucGRm0hcLGBlXTlMuZGF0YU8RAcoAAAAAAcoAAgAADE1hY2ludG9zaCBIRAAAAAAAAAAAAAAAAAAAANFPck9IKwAAACQOXQpTaW1yZWwucGRmAAAAAAAAAAAAAAAAAAAAAAAAAAAAAAAAAAAAAAAAAAAAAAAAAAAAAAAAAAAAAAAAAAAAAAAB6XEb0yYVlwAAAAAAAAAAAAMABAAACSAAAAAAAAAAAAAAAAAAAAAPUmVzZWFyY2ggUGFwZXJzAAAQAAgAANFPVi8AAAARAAgAANMl+XcAAAABABgAJA5dABtowQAS13QAEtY9AApgagACmDUAAgBXTWFjaW50b3NoIEhEOlVzZXJzOgByYWp1cmltOgBEcm9wYm94IChQZXJzb25hbCk6AE5NQlU6AFBoRDoAUmVzZWFyY2ggUGFwZXJzOgBTaW1yZWwucGRmAAAOABYACgBTAGkAbQByAGUAbAAuAHAAZABmAA8AGgAMAE0AYQBjAGkAbgB0AG8AcwBoACAASABEABIARFVzZXJzL3JhanVyaW0vRHJvcGJveCAoUGVyc29uYWwpL05NQlUvUGhEL1Jlc2VhcmNoIFBhcGVycy9TaW1yZWwucGRmABMAAS8AABUAAgAO//8AAIAG0hscHR5aJGNsYXNzbmFtZVgkY2xhc3Nlc11OU011dGFibGVEYXRhox0fIFZOU0RhdGFYTlNPYmplY3TSGxwiI1xOU0RpY3Rpb25hcnmiIiBfEA9OU0tleWVkQXJjaGl2ZXLRJidUcm9vdIABAAgAEQAaACMALQAyADcAQABGAE0AVQBgAGcAagBsAG4AcQBzAHUAdwCEAI4AvQDCAMoCmAKaAp8CqgKzAsECxQLMAtUC2gLnAuoC/AL/AwQAAAAAAAACAQAAAAAAAAAoAAAAAAAAAAAAAAAAAAADBg==}}

@article{cook2015foundations,
	Author = {Cook, R Dennis and Zhang, Xin},
	Journal = {Journal of the American Statistical Association},
	Number = {510},
	Pages = {599--611},
	Publisher = {Taylor \& Francis},
	Title = {Foundations for envelope models and methods},
	Volume = {110},
	Year = {2015}}

@article{Helland2000,
	Author = {Helland, Inge S.},
	Date-Modified = {2017-07-14 19:18:59 +0000},
	Doi = {10.1111/1467-9469.00174},
	Issn = {1467-9469},
	Journal = {Scandinavian Journal of Statistics},
	Month = {Mar},
	Number = 1,
	Pages = {1--20},
	Publisher = {Wiley-Blackwell},
	Title = {Model Reduction for Prediction in Regression Models},
	Url = {http://dx.doi.org/10.1111/1467-9469.00174},
	Volume = 27,
	Year = 2000,
	Bdsk-Url-1 = {http://dx.doi.org/10.1111/1467-9469.00174}}

@unpublished{helland2017,
	Author = {Helland, Inge S. and S\ae b\o, S. and Alm\o y, T. and Rimal, R.},
	Note = {unpublished},
	Title = {Model and estimators for partial least squares},
	Year = {2017}}
